3234 5159
115 410 198 514 pa]
388 438 460 489 raa
486 438 772 492 essaenooscan
796 436 1004 492 mannaan.
1203 416 1276 492 133

30 593 33 599 “
157 584 258 651 etiam
278 606 366 652 nunc
386 586 426 654 in'
442 588 557 655 diebus
585 588 684 656 saone
706 588 837 658 Sabinis
857 613 936 657 vasa
956 587 1087 656 maana
1107 585 1143 653 in
1164 609 1277 655 mensa

157 688 293 755 deorum
313 700 391 757 eunt
410 691 533 779 poeita3
563 692 650 780 apud
671 692 821 780 antiquos
843 691 1012 779 scriptores
1032 690 1143 758 inveni
1165 691 1277 779 appel·

157 790 221 857 lari
234 792 342 880 poculi
364 817 466 881 genus
486 795 669 877 mcccciv,
684 818 782 884 quare
795 794 850 862 vei
871 794 947 863 inde
964 794 1086 861 radices
1106 793 1142 860 iu
1161 816 1274 882 agrum

159 894 319 963 Sabinum
333 908 366 964 et
378 897 560 965 &manum
576 910 651 965 sant
664 898 845 987 proiectae.‘’

114 1000 250 1081 Lebaba
278 1000 355 1069 Sab.
399 1001 511 1083 Varro,
532 1003 572 1068 J..
592 1004 632 1069 L.
652 1021 685 1071 v.
707 1004 808 1089 §107
819 1024 828 1069 t
860 1000 1022 1083 “Circuii,
1052 1001 1139 1090 quod
1167 1001 1273 1068 mixta

156 1103 262 1170 fauna
276 1116 309 1172 et
321 1129 412 1173 caseo
427 1116 459 1173 et
472 1129 556 1195 aqua
569 1108 736 1174 circuitum
752 1105 952 1194 aequabiliter
966 1106 1153 1174 fundebant.
1198 1105 1273 1173 Hoc

158 1206 290 1293 quidem
316 1210 373 1297 qui
401 1210 505 1297 magis
533 1209 695 1276 incondite
717 1208 887 1290 faciebant,
914 1208 1073 1277 vocabant
1097 1208 1217 1275 labaim
1240 1218 1274 1274 et

156 1312 358 1378 semiinsula
381 1313 538 1381 vocabulo
563 1311 695 1394 Sabino,
721 1311 831 1401 itaque
852 1311 1081 1401 frequentantia
1107 1310 1270 1380 Sabinis.”

158 1413 274 1503 Gomp.
291 1414 477 1503 liquando.

113 1518 274 1599 miae,
294 1517 370 1585 Osc.
422 1518 513 1587 Serv.
537 1519 584 1586 ad
601 1520 682 1585 Em.
698 1536 750 1585 11.
775 1520 860 1587 5702
885 1516 1045 1605 “Lingua
1067 1516 1152 1583 Osca
1172 1517 1272 1585 lawe·

157 1623 225 1688 tias
245 1629 294 1688 est
314 1620 443 1710 Jupiter
463 1622 579 1705 dictus,
602 1645 623 1688 a
642 1622 713 1689 lnce
734 1644 832 1709 qnam
853 1630 1002 1709 praestare
1029 1620 1145 1688 dicitur
1168 1620 1273 1689 homi·

156 1724 290 1791 nibus.’'
333 1726 447 1815 Oomp.
464 1725 531 1807 iac,
546 1723 669 1807 λευκός,
686 1724 776 1813 tiphe,
790 1724 851 1791 dae.

110 1829 251 1910 bacina,
266 1828 370 1896 Isana
414 1852 441 1895 a.
456 1852 489 1895 v.
504 1829 652 1895 Fer-omis.

113 1936 259 2015 Massa,
289 1932 363 2001 Oec.
418 1933 506 2001 Fest.
533 1957 566 2022 p.
592 1937 674 2003 1362
710 1934 870 2002 “Moesias
897 1934 1011 2023 lingua
1039 1934 1125 2003 Osca
1152 1933 1272 2003 mensis

157 2036 300 2104 Maias&

109 2144 264 2222 Mamers,
279 2140 354 2210 Ose.
369 2153 402 2209 ct
417 2142 494 2211 Sab.
539 2142 627 2211 Fest.
643 2166 675 2232 p.
693 2146 774 2211 131:
802 2143 981 2222 “Mamers,
1002 2142 1167 2209 Mammea
1184 2141 1271 2223 facit,

154 2248 218 2313 aia.
241 2246 354 2333 lingua
374 2246 460 2314 Osca
476 2247 574 2328 Mara,
597 2246 723 2328 Marta,
746 2245 832 2312 unde
853 2254 886 2311 et
906 2245 1093 2311 Mamertini
1109 2242 1144 2309 in
1160 2243 1273 2311 Sicilia

155 2348 247 2430 dicti,
269 2344 326 2437 qui
347 2349 505 2417 Messana
526 2348 704 2416 habitant”
750 2348 801 2415 Id.
825 2370 858 2436 p.
878 2349 961 2415 158:
985 2346 1062 2412 “Et
1082 2369 1199 2413 nomen
1220 2370 1273 2414 ac-

154 2463 310 2543 ceperunt
333 2478 443 2536 unum,
469 2465 506 2521 nt
530 2455 709 2521 dicerentur
733 2450 929 2531 Mamertini,
955 2450 1042 2539 quod
1065 2450 1215 2539 conjectis
1237 2451 1272 2517 in

155 2566 276 2623 sortem
302 2557 469 2625 duodecim
495 2558 625 2625 deorum
650 2557 846 2637 nominibus,
869 2557 1007 2622 Mamers
1028 2553 1109 2621 forte
1131 2552 1271 2635 exierat3

154 2660 216 2749 qni
237 2660 349 2749 lingua
369 2662 525 2729 Oscorum
547 2664 638 2729 Mara
659 2659 890 2748 significatur.”
929 2659 978 2725 Id.
1002 2680 1034 2748 p.
1059 2658 1141 2726 131:
1169 2658 1273 2724 “Ma-
1336 2742 1338 2747 Α

155 2787 279 2830 mercae
309 2786 491 2852 praenomen
513 2761 633 2830 Oscum
661 2773 711 2829 eat
732 2762 775 2827 ab
796 2784 845 2843 eo,
876 2760 962 2849 quod
983 2760 1018 2825 hi
1040 2760 1178 2826 Mortem
1198 2762 1273 2827 Ma-

155 2875 286 2928 mmam
306 2860 501 2951 appellant.”
547 2860 658 2942 Varro,
681 2862 721 2927 L.
745 2863 785 2928 L.
808 2880 842 2929 v.
871 2862 892 2949 β
919 2864 979 2929 732
1016 2858 1135 2925 “Mars
1164 2860 1206 2927 ab
1234 2882 1272 2927 eo

112 3001 117 3007 ·
155 2964 247 3052 quod
268 2966 410 3032 maribus
430 2966 464 3032 in
485 2966 571 3032 bello
593 2976 717 3054 praeest,
735 2974 793 3032 ant
809 2966 896 3053 quod
910 2965 953 3031 ab
969 2963 1099 3033 Sabinis
1114 2974 1271 3053 acceptus,
1350 2970 1353 2981 '

157 3067 208 3133 ibi
231 3068 335 3153 (obit)
366 3072 415 3135 est
435 3069 606 3136 Mamera”
652 3068 735 3135 Thia
759 3069 846 3136 word
874 3068 938 3135 and
964 3068 1006 3135 ite
1032 3067 1194 3155 analogica
1219 3090 1273 3133 are

157 3170 332 3259 explained
353 3172 389 3237 in
411 3172 468 3238 tho
486 3182 566 3239 next
582 3172 722 3261 chapter,
740 3174 807 3259 §2
852 3172 924 3238 The
945 3171 1050 3238 whole
1072 3170 1196 3258 subject
1213 3172 1272 3238 has

158 3274 242 3343 been
266 3274 423 3342 reviewed
443 3276 489 3364 by
506 3273 653 3357 Gorsscn,
681 3278 757 3342 ebor
777 3276 829 3342 daie
850 3276 984 3341 Fomen
1004 3298 1034 3339 a
1053 3274 1273 3362 Bedentanqon

158 3380 213 3446 dea
237 3379 363 3446 Nam
386 3380 536 3446 Mareia
560 3380 620 3446 dan
644 3380 713 3446 ital.
739 3380 906 3446 Doclekten
935 3378 1095 3464 (Zeitsckr.
1110 3379 1142 3462 f
1171 3377 1271 3464 Veryl.

162 3482 250 3570 Spes.
282 3485 376 3558 1852,
405 3506 459 3572 pp.
488 3484 619 3567 1-35),
643 3483 718 3548 who
740 3503 893 3571 proposes
918 3490 952 3547 to
977 3478 1123 3546 consider
1143 3480 1272 3547 Mavors

158 3609 195 3651 aa
209 3610 230 3652 a
244 3587 440 3653 contractiori
454 3587 491 3653 of
508 3589 672 3654 Mar-mar
685 3586 766 3654 with
784 3610 804 3652 a
820 3584 987 3653 formative
1003 3596 1024 3665 t,
1040 3582 1146 3651 which
1160 3584 1189 3651 is
1204 3582 1272 3651 also

160 3688 262 3755 found
275 3689 311 3755 in
325 3691 418 3756 Mara
435 3692 593 3776 (Mar-h).

118 3792 259 3874 Medds'x,
282 3793 357 3861 Osc.
408 3793 483 3861 Liv.
509 3814 612 3862 xxvi.
636 3800 675 3864 6:
710 3794 856 3863 “Media
879 3794 999 3861 tuticus
1020 3816 1165 3862 summus
1186 3794 1273 3884 apud

161 3897 342 3988 Campanos
356 3898 592 3988 magistratua.”
631 3900 745 3988 Comp.
761 3919 863 3967 xxtv.
881 3903 932 3969 19.
974 3898 1058 3985 (The
1072 3899 1127 3966 old
1140 3899 1274 3987 reading

159 4024 225 4069 was
248 4004 502 4089 mediastuticus.)
543 4004 630 4071 Fest.
652 4026 685 4093 p.
703 4008 784 4071 123:
814 4004 976 4071 “Medda
996 4003 1082 4092 apud
1096 4001 1196 4069 Oscos
1215 4024 1273 4069 no·

159 4130 232 4175 men
253 4108 459 4195 magistratus
480 4108 560 4175 est.”
606 4106 751 4175 Ennius:
780 4113 799 4144 “
811 4106 963 4175 Summus
981 4106 1028 4173 ibi
1045 4104 1169 4193 capitur
1183 4104 1272 4170 Med·

160 4210 227 4292 des,
242 4210 398 4278 occiditur
413 4211 518 4279 alter”
541 4211 672 4297 (Annas
689 4230 768 4279 vm.
785 4212 851 4295 73).
897 4209 938 4275 In
958 4208 1023 4276 this
1037 4228 1171 4295 passage
1190 4204 1272 4273 from

160 4312 297 4395 Ennius,
321 4314 437 4381 Dacica
457 4314 548 4382 reads
571 4340 651 4381 anas
672 4314 720 4381 for
740 4338 887 4382 summas.
942 4310 1024 4379 This
1051 4331 1184 4399 appears
1212 4330 1274 4375 un·

159 4438 347 4506 necessary:
383 4418 519 4485 Medda
546 4440 655 4485 occure
685 4416 719 4484 in
748 4417 804 4484 the
826 4416 932 4483 Osoan
961 4412 1164 4501 inscriptions
1192 4412 1273 4479 with

160 4519 213 4589 the
233 4522 375 4611 epitheta
395 4521 581 4610 dependas,
598 4521 709 4610 flatos,
732 4519 797 4587 and
819 4520 952 4605 atiom
976 4540 1116 4587 sammaa
1135 4538 1212 4606 may
1231 4516 1273 4585 be
