3234 5159
140 375 243 480 §rs.]
509 402 558 455 on
584 401 691 452 usrrn
718 400 925 452 uersuros.
1223 380 1295 454 251

205 552 260 620 Fr.
285 556 306 619 3
333 554 499 639 (v111.6):
531 570 1175 620 nonnus-urrannruu-rusunruu.
1201 553 1299 639 (Plin.

139 659 184 725 Η.
198 658 242 724 Ν.
259 675 336 724 xrx.
352 657 384 736 4,
405 656 474 741 §12
499 662 518 693 “
529 655 571 722 Iu
592 675 657 722 x11.
674 655 756 722 Tab.
776 655 839 742 leg.
863 665 996 722 nostrat.
1017 678 1176 744 nusquam
1195 659 1299 724 uomi-

140 771 235 828 uatur
257 761 355 838 villar
383 782 507 849 semper
532 761 564 826 iu
593 759 826 847 significatione
851 783 889 826 ea
915 761 1030 841 tnnc,
1057 761 1093 826 iu
1117 762 1203 828 berti
1224 784 1300 829 vero

142 863 333 931 indiam?
379 863 506 944 Festus,
531 886 563 951 p.
587 865 670 929 355:
699 863 922 950 “[To9u-]n·a
945 887 965 928 a
990 873 1073 931 teoto
1100 865 1301 953 appellantur

145 967 319 1054 [domicilia
344 965 546 1051 rusticorum]
576 965 811 1052 sordide—quo
834 965 963 1033 nomine
993 967 1158 1051 [Messalla
1182 969 1218 1034 iu
1243 991 1300 1034 ex·

142 1070 338 1160 plana]tioue
354 1088 420 1136 111.
437 1070 482 1135 ait
497 1069 593 1136 etiam
605 1119 613 1136 .
627 1119 636 1136 .
650 1119 658 1136 .
673 1068 919 1156 ,siguificari”).
965 1067 1120 1158 Properly
1133 1071 1300 1160 speaking,

143 1176 197 1241 the
212 1176 299 1242 morra
317 1173 507 1261 (signifying
529 1178 548 1209 “
559 1173 680 1240 several
699 1173 816 1256 houses
826 1172 938 1260 joined
952 1175 1135 1262 together”)
1152 1176 1302 1244 included

144 1278 297 1344 thevilla
319 1278 359 1362 (ε
369 1275 482 1357 meula,
504 1273 635 1342 Dbderl.
658 1276 735 1362 Syra
756 1300 788 1340 u.
809 1276 863 1342 Et.
885 1294 939 1342 111.
963 1279 1010 1361 5),
1034 1277 1140 1344 which
1158 1302 1225 1346 was
1246 1279 1302 1348 the

143 1382 304 1450 residenee
323 1381 360 1447 of
376 1380 430 1446 the
444 1379 629 1468 proprietor,
650 1379 714 1444 and
729 1379 783 1444 the
804 1378 972 1467 adjoining
989 1383 1127 1469 mpurr'rr,
1143 1383 1178 1448 in
1195 1384 1302 1452 which

144 1485 198 1550 the
216 1483 317 1551 coloni
326 1483 485 1571 partierit
497 1479 593 1548 lived.
634 1481 693 1546 All
713 1503 845 1568 persons
865 1481 970 1570 living
989 1484 1024 1548 in
1039 1483 1095 1550 the
1110 1507 1196 1552 same
1215 1487 1303 1554 vabus

144 1611 225 1654 were
240 1586 341 1652 called
354 1586 456 1652 cicini
464 1612 475 1662 ;
498 1583 563 1649 end
581 1583 636 1650 the
650 1582 720 1650 first
739 1583 898 1670 fragment
916 1585 951 1650 in
966 1585 1033 1651 this
1051 1587 1137 1655 table
1154 1590 1250 1656 refers
1268 1599 1302 1658 to

145 1691 198 1757 the
217 1690 352 1756 ambitus
369 1691 515 1756 between
530 1686 585 1754 the
604 1687 720 1754 houses
735 1686 772 1754 of
788 1687 879 1756 those
893 1689 967 1756 who
987 1689 1073 1758 lived
1089 1714 1131 1758 ou
1145 1692 1201 1759 the
1215 1715 1303 1762 same

144 1804 253 1861 estate.
299 1791 370 1858 The
390 1789 609 1880 pastum-land
629 1791 687 1857 left
702 1812 850 1857 common
868 1803 902 1858 to
923 1793 979 1859 the
996 1796 1099 1862 omini
1114 1818 1181 1864 was
1200 1796 1303 1864 called

145 1921 341 1987 oomposorrus
361 1921 436 1985 aper
455 1895 592 1980 (Festus,
611 1919 643 1984 p.
659 1895 728 1980 40).
773 1895 849 1961 Itis
870 1907 926 1962 not
946 1897 1144 1986 improbable
1162 1899 1234 1966 that
1247 1899 1303 1968 the

145 2001 248 2068 words
263 2023 446 2089 compescere
457 1999 521 2065 aud
536 2000 698 2088 impe-scere
712 1998 861 2066 occurred
876 2000 910 2064 in
925 2001 980 2066 the
995 2020 1061 2068 ΧΠ.
1073 2001 1202 2069 Tables.
1226 2003 1302 2086 See,

145 2105 302 2182 however,
319 2102 469 2183 Dirksen,
487 2125 520 2190 p.
541 2103 616 2170 534.
661 2102 748 2189 Aper
765 2102 793 2166 is
815 2102 941 2169 defined
957 2126 1012 2170 as:
1033 2111 1052 2140 “
1063 2105 1151 2172 locus
1165 2105 1220 2193 qni
1235 2106 1304 2174 sine

144 2209 224 2274 villa
242 2207 318 2274 est”
342 2205 489 2300 §Ulpium
510 2205 548 2270 L.
565 2209 617 2285 27,
638 2205 695 2270 Pr,
716 2206 760 2270 1).
776 2205 815 2271 de
837 2205 869 2271 V.
888 2206 949 2290 8.).
993 2206 1061 2272 But
1077 2208 1112 2274 in
1129 2231 1150 2274 a
1164 2209 1305 2276 remark-

145 2311 217 2378 able
232 2331 366 2400 passage
385 2309 419 2373 in
435 2307 551 2374 Festus
575 2309 617 2396 (p.
634 2311 723 2393 371),
742 2307 797 2375 the
815 2309 902 2374 veut
921 2310 951 2375 is
969 2309 1126 2398 similarly
1141 2311 1306 2380 described

145 2415 179 2480 in
202 2415 245 2480 its
267 2412 447 2502 opposition
470 2421 504 2478 to
526 2411 680 2480 thevilla
702 2435 737 2478 or
751 2413 924 2500 predium.
970 2413 1041 2481 The
1062 2437 1197 2502 passage
1217 2416 1247 2482 is
1268 2438 1304 2482 as

144 2518 267 2585 follows
291 2519 355 2600 (see
373 2513 501 2596 Muller,
525 2515 637 2604 Suppl
657 2515 744 2582 Aren.
761 2539 792 2604 p.
812 2517 909 2601 413):
931 2515 1034 2586 “Vici
1050 2518 1205 2607 appellari
1224 2519 1305 2586 inei·
1441 2507 1448 2520 ’

145 2620 239 2708 piunt
259 2621 301 2686 ab
326 2618 420 2706 egris,
452 2617 497 2704 [et
519 2627 594 2683 sunt
618 2640 727 2684 eorum
750 2618 941 2704 hominum]
967 2621 1023 2708 qui
1049 2621 1096 2687 ibi
1120 2621 1217 2688 villas
1239 2645 1305 2688 non

145 2723 328 2802 habent,'ut
339 2719 440 2786 Marsi
452 2729 507 2784 aut
519 2719 658 2805 Peligni,
674 2720 732 2786 sed
745 2743 787 2786 ex
798 2720 879 2786 vicis
893 2723 1010 2810 partim
1024 2723 1146 2790 habent
1156 2727 1306 2813 rempub·

144 2825 251 2906 licam,
270 2824 351 2910 [ubi]
369 2833 401 2888 et
411 2824 466 2911 jus
484 2822 610 2904 dicitur,
627 2825 743 2908 partim
757 2825 840 2890 nihil
855 2848 974 2907 eorum,
992 2837 1025 2893 et
1040 2839 1147 2896 tamen
1161 2829 1209 2895 ibi
1222 2851 1306 2896 nun·

146 2930 230 2996 diuse
242 2938 380 3016 aguntur
391 2925 511 3014 negotii
522 2925 653 3012 gerendi
665 2949 770 3008 causa,
782 2936 814 2994 et
828 2929 974 3016 magistri
984 2929 1058 3012 vici,
1071 2930 1149 2998 item
1160 2931 1306 3018 magistri

144 3035 230 3124 pagi,
255 3031 303 3118 [in
323 3032 376 3118 iis]
399 3029 570 3118 quotannis
588 3029 680 3098 fiunt.
724 3031 847 3108 Altero,
868 3057 940 3100 cum
960 3033 995 3099 id
1012 3058 1114 3122 genus
1134 3037 1306 3104 officiorum

148 3133 385 3223 [significatur],
405 3155 476 3221 quse
496 3133 692 3200 continentia
709 3135 836 3200 suntin
854 3137 990 3224 oppidis,
1009 3161 1122 3225 queve
1139 3140 1307 3207 itineribus

144 3237 371 3326 regionibusve
380 3237 551 3303 distributa
562 3237 644 3304 inter
655 3260 688 3304 se
700 3238 830 3320 distant,
842 3240 1086 3328 nominibusque
1097 3241 1322 3310 dissimilibus.

145 3339 338 3408 discriminis
361 3361 457 3406 causa
477 3349 552 3405 sunt
573 3337 750 3427 dispertita.
795 3339 914 3423 Tertio,
935 3365 1009 3410 eum
1031 3343 1068 3410 id
1086 3366 1188 3430 genus
1207 3344 1307 3412 adifi-

145 3447 266 3512 ciorum
281 3443 440 3525 delinitur,
456 3465 528 3531 qus
542 3443 577 3509 in
592 3445 709 3532 oppido
724 3444 824 3532 prive,
839 3444 874 3512 id
889 3446 987 3512 estin
1003 3469 1062 3513 suo
1082 3447 1218 3534 quisque
1236 3447 1307 3516 loeo

144 3549 273 3637 proprio
299 3547 346 3612 ita
366 3546 513 3628 edificat,
536 3559 573 3614 at
595 3548 630 3614 in
651 3571 688 3616 eo
710 3549 845 3618 aedificio
866 3550 1013 3638 perviam
1034 3551 1088 3634 sit,
1109 3573 1174 3640 quo
1195 3553 1308 3620 itinere

145 3651 341 3719 habitatores
356 3649 398 3716 ad
412 3673 503 3716 suam
521 3651 656 3738 quisque
670 3652 900 3720 habitationem
915 3653 1033 3722 habeat
1046 3677 1228 3723 secessum:
1250 3654 1308 3742 qui

146 3775 211 3818 uon
227 3751 377 3818 dicuutur
386 3751 503 3832 vicani,
525 3751 608 3818 sicut
621 3753 655 3834 ii,
667 3754 723 3840 qui
737 3763 793 3821 aut
807 3755 843 3820 in
857 3756 968 3844 oppidi
978 3755 1070 3839 vicis,
1085 3767 1142 3825 ant
1155 3758 1189 3841 ii,
1201 3759 1259 3846 qui
1272 3760 1308 3826 iu

146 3853 233 3942 agris
252 3863 336 3934 sunt,
360 3851 467 3919 vicani
486 3851 718 3941 appellantur.”
764 3853 882 3922 Festus
904 3857 979 3924 here
1000 3857 1159 3928 describes
1184 3862 1229 3946 (1)
1252 3861 1308 3929 the

145 3960 233 4024 onus
253 3958 396 4038 munus,
421 3959 465 4043 (2)
483 3980 503 4023 a
521 3965 616 4023 street
635 3957 670 4023 iu
690 3981 709 4024 a
727 3967 823 4040 town,
844 3981 880 4026 as
899 3960 954 4027 the
973 3963 1061 4030 sinn
1080 3963 1225 4052 Cyprius,
1243 3963 1307 4031 and

150 4065 193 4150 (3)
212 4085 233 4128 a
246 4060 418 4158 partiendas
433 4059 514 4126 hiud
528 4059 564 4127 of
574 4060 849 4137 insulatedhouse
866 4064 995 4148 (incolt)
1013 4066 1048 4131 in
1062 4066 1117 4133 the
1132 4067 1209 4154 city.
1414 4126 1417 4131 ,

213 4164 269 4232 Fr.
290 4168 313 4230 4
332 4164 398 4232 and
417 4167 438 4234 5
460 4167 551 4252 (vm.
572 4167 604 4247 4,
626 4166 671 4250 5).
718 4165 830 4234 Cicero
850 4167 889 4234 de
907 4169 1004 4257 Leqq.
1020 4186 1044 4236 1.
1060 4193 1088 4236 c.
1103 4173 1163 4238 21:
1188 4168 1307 4238 “Usu-

147 4268 313 4356 capionem
326 4287 393 4336 ΧΗ.
406 4267 542 4336 Tabulae
554 4268 638 4336 intra
649 4268 791 4358 quinque
800 4269 899 4358 pedes
909 4293 979 4338 esse
989 4271 1189 4341 uoluerunt.”
1219 4272 1253 4340 N
1253 4296 1306 4342 ou.

148 4371 293 4442 Marcell.
309 4373 348 4438 dc
361 4373 476 4462 Prrprr.
494 4373 593 4441 Herm,
610 4396 636 4440 o.
653 4375 685 4456 5,
706 4373 793 4460 534,
810 4384 932 4462 quotes,
954 4397 989 4442 as
1004 4375 1061 4442 the
1076 4375 1181 4444 words
1199 4377 1235 4442 of
1251 4377 1308 4447 the

150 4475 231 4546 law:
255 4495 287 4546 ss
307 4493 478 4544 sunosnu.
524 4483 543 4514 “
557 4478 599 4546 st
607 4478 755 4565 serpant,
773 4477 890 4567 inquit.
932 4478 1166 4548 Benevoloram
1183 4503 1309 4550 concer-
