3234 5159
155 345 236 451 54]
527 375 577 426 on
602 373 710 426 nsum
737 373 943 430 mensus.
1239 362 1314 440 237

154 527 192 592 in
213 526 330 594 Saliari
344 529 484 597 camnine
502 531 567 597 elis
584 553 711 620 quoqne
730 531 886 599 vocabule
904 531 1052 612 inveniri,
1070 555 1141 619 quse
1159 533 1314 621 originem

156 626 305 695 Graecam
327 629 495 698 manifesto
522 653 589 720 pree
611 655 646 698 se
666 633 777 708 ferent,
807 643 845 700 ut
866 635 987 722 pescia,
1013 633 1054 701 de
1075 658 1138 722 quo
1161 640 1314 708 vocabulo

154 730 233 798 vide
254 731 283 796 F
284 743 342 799 est.
363 743 396 800 et
417 732 564 802 Gutberl.
589 735 639 817 [de
663 736 787 823 Satiris}
812 760 844 824 p.
868 739 941 818 146,
965 747 998 804 et
1018 739 1202 826 tripudium,
1227 742 1313 828 quod

154 836 288 923 propius
306 859 376 903 esse
396 835 581 904 Graecorum
601 838 688 905 πόδα
708 863 804 928 quem
826 839 1012 908 Latinorum
1033 842 1141 930 pedem
1162 853 1260 932 petet,
1282 855 1315 914 et

154 950 240 1006 recte
258 940 481 1028 interpretetur
501 939 625 1010 Auson.
649 942 772 1031 Popma
789 944 827 1010 de
844 944 958 1030 Differ.
983 946 1104 1013 Ver-bor.
1127 969 1153 1014 s.
1178 948 1312 1018 sature.

156 1048 241 1116 Item
270 1051 398 1132 cornuti,
425 1053 511 1140 apud
538 1053 713 1121 Varronem
738 1056 776 1121 de
801 1055 842 1122 L.
865 1056 906 1122 L.
929 1075 992 1124 vn.
1015 1081 1042 1123 c.
1066 1059 1097 1138 3,
1129 1057 1313 1128 Graecorum

155 1151 315 1242 χόρανλοι
329 1177 398 1221 esse
412 1155 569 1237 videntur,
587 1158 672 1245 quod
689 1159 823 1225 verbum
844 1158 962 1225 Pollux
977 1161 1147 1228 servavit.”
1192 1163 1233 1230 In
1248 1165 1314 1232 this

155 1257 256 1338 word,
286 1280 321 1324 es
351 1258 386 1324 in
414 1258 562 1342 cuicbues,
585 1260 604 1327 I
625 1261 709 1328 heve
730 1263 884 1328 ventured
912 1273 945 1329 to
968 1263 1067 1329 insert
1095 1265 1150 1332 the
1176 1265 1269 1335 letter
1290 1267 1313 1338 li

157 1361 281 1446 (above,
304 1386 336 1451 p.
360 1365 429 1449 99).

221 1463 333 1546 Varro,
355 1466 395 1532 L.
412 1467 453 1534 L.
469 1485 533 1535 vll.
556 1469 576 1554 ξ
596 1472 657 1535 272
681 1474 700 1506 “
715 1469 836 1550 Currite,
859 1492 916 1557 pro
938 1492 1001 1558 quo
1023 1469 1058 1535 in
1081 1469 1196 1538 Saliari
1217 1497 1313 1544 versu

153 1567 309 1656 seriptum
331 1580 380 1635 est
400 1584 498 1652 cante,
520 1571 581 1637 hoc
602 1594 713 1639 versu:

328 1709 432 1766 utvuu
454 1710 555 1765 tumn
580 1723 684 1774 crure,
707 1709 894 1776 utvnurntro
919 1711 1141 1768 scrumosum

152 1821 176 1886 i.
186 1843 214 1887 e.
232 1822 370 1888 Deorum
389 1823 507 1914 impetu
525 1826 636 1905 canite,
657 1825 784 1890 deorum
802 1825 893 1890 deum
912 1824 1092 1913 suppliciter
1112 1829 1221 1895 canite.
1260 1827 1320 1898 Oi.

153 1924 295 1993 Macrob.
323 1927 390 1995 Sat.
412 1946 435 1994 1.
454 1933 493 1996 92
517 1927 708 1996 “Saliorum
730 1929 923 1996 carminibus
945 1919 1071 1996 diorum
1093 1930 1167 1998 deus
1188 1933 1313 2002 canitur

157 2027 320 2116 [Juuus].''

219 2131 347 2213 Festus,
370 2156 396 2200 s.
414 2156 446 2200 v.
469 2135 616 2200 Mambri
639 2136 753 2216 Veturi,
775 2157 808 2224 p.
830 2137 910 2203 131:
935 2133 1139 2201 “Probctum
1161 2159 1241 2225 opus
1263 2149 1312 2206 est

153 2235 296 2302 maxime
314 2234 453 2301 Memmi
470 2235 594 2316 Vetusi,
613 2237 669 2324 qui
686 2237 810 2326 premii
828 2236 897 2303 loco
914 2237 1017 2326 petiit,
1033 2248 1070 2303 ut
1087 2260 1181 2304 suum
1196 2262 1311 2308 nomen

153 2337 237 2403 inter
251 2339 391 2404 carmina
407 2336 487 2406 Salii
502 2339 681 2406 canerent.”

219 2439 270 2506 Id.
299 2463 326 2506 s.
349 2465 380 2508 v.
406 2442 587 2530 Nequwuste,
616 2467 649 2532 p.
678 2445 759 2510 168:
794 2442 997 2531 “Nepumate
1024 2442 1059 2507 in
1085 2443 1223 2510 carmine
1248 2444 1310 2516 Cn.

154 2542 257 2609 Murci
291 2545 375 2610 vetis
409 2545 569 2633 significet
602 2559 719 2634 nepam,
748 2569 822 2612 cum
850 2545 913 2612 sit:
953 2550 1095 2634 qubmvts
1123 2551 1311 2618 moventem

156 2647 378 2732 [inclimentum
392 2646 506 2714 Herm.
520 2649 574 2715 El.
590 2649 635 2715 D.
650 2649 696 2715 M.
712 2673 743 2737 p.
759 2651 836 2736 614]
854 2649 1005 2716 ‹iu-riuum
1019 2651 1211 2738 utqunmte.”

220 2751 271 2818 Id.
290 2775 316 2819 s.
332 2775 364 2820 v.
392 2753 538 2832 Obstinet,
559 2756 690 2842 p.1972
715 2759 734 2790 “
751 2753 889 2821 Obstiuet
907 2753 1057 2821 dicebant
1076 2756 1209 2845 antiqui,
1226 2757 1312 2845 quod

153 2877 240 2920 nnnc
259 2867 309 2921 est
326 2855 480 2937 ostendit3
503 2856 592 2921 utin
608 2857 768 2924 veteribus
790 2857 1002 2924 carminibus:
1025 2859 1081 2924 sed
1094 2860 1166 2948 jdm
1187 2884 1218 2926 ee
1240 2860 1312 2928 coelo

154 2960 264 3028 cedern
287 2961 441 3048 [Aurora]
473 2962 605 3026 stistinet
625 2985 717 3028 mum
737 2959 897 3050 pdtrcm.’'
942 2960 1029 3028 Here
1058 2961 1084 3027 it
1105 2963 1173 3029 will
1195 2964 1234 3030 be
1256 2965 1313 3032 ob-

155 3062 268 3131 served
289 3064 360 3129 that
381 3089 413 3130 re
434 3064 507 3131 coelo
528 3065 636 3130 cedens
648 3065 760 3130 =coelo
780 3065 930 3144 secedens,
956 3065 1020 3130 and
1041 3065 1111 3132 that
1131 3092 1223 3135 cuum
1243 3068 1272 3135 is
1293 3093 1314 3135 s

153 3165 386 3253 monosyllabis
403 3169 467 3253 (see
482 3166 570 3233 Fest.
586 3190 619 3255 p.
634 3168 724 3251 301).

219 3268 270 3337 ld.
292 3293 319 3338 s.
337 3295 370 3338 v.
392 3273 573 3363 Praeceptct,
595 3295 628 3361 p.
647 3273 730 3340 205:
755 3273 957 3361 “Proeceptat
978 3272 1012 3338 in
1036 3273 1152 3344 Saliari
1173 3278 1311 3348 carmine

153 3385 203 3441 est
218 3397 303 3464 saepe
315 3375 469 3464 precipit.
505 3377 556 3442 Pa
569 3399 626 3464 pro
645 3386 744 3464 petre,
760 3384 793 3440 et
803 3399 851 3463 po
867 3397 924 3462 pro
944 3376 1155 3464 potissimum,
1170 3381 1311 3467 positum

154 3488 204 3544 est
224 3479 259 3544 in
283 3477 399 3546 saliari
420 3481 569 3547 carmine.
612 3479 832 3545 Promcusruct
851 3479 927 3544 item
947 3501 1005 3567 pro
1025 3489 1141 3546 monet.
1185 3484 1313 3551 Produ-

145 3581 250 3668 pebnt,
272 3591 459 3670 praeoptent,
478 3581 537 3648 &e
580 3582 739 3648 Pilumnoe
752 3581 861 3670 poples
882 3581 917 3646 in
938 3581 1076 3648 carmine
1100 3581 1225 3668 Saliari,
1246 3585 1315 3656 Ro-

154 3685 252 3764 mani,
267 3670 358 3752 velut
371 3687 447 3774 pilis
461 3687 597 3754 assueti:
620 3685 673 3752 vel
687 3686 764 3774 quie
777 3686 935 3774 praecipue
949 3683 1070 3772 pellent
1083 3685 1223 3756 hostes.''

219 3787 272 3855 Id.
303 3811 330 3855 s.
352 3811 384 3856 v.
414 3791 643 3872 Reduntmure,
673 3813 706 3877 p.
734 3790 816 3858 270:
855 3790 1104 3858 “Reduntruare
1133 3792 1249 3861 dicitur
1277 3796 1312 3862 in

156 3889 316 3958 Saliorum
331 3893 608 3976 exsultationibus,
624 3893 796 3982 quodcum
813 3893 930 3982 presul
947 3897 1149 3982 smptrmvit,
1164 3899 1250 3986 quod
1264 3911 1314 3967 est

154 4007 260 4062 motus
289 3995 401 4079 edidrt,
430 3997 461 4064 ei
489 3997 665 4064 referuntur
694 3996 833 4063 invicem
862 3995 948 4063 idem
973 4008 1087 4065 motus.
1145 3999 1310 4070 Luciliusr

151 4099 280 4167 Proesul
305 4112 342 4166 ut
370 4094 652 4189 amptnmt's'nde;
682 4103 729 4168 ita
757 4099 858 4189 volqu’
881 4100 1096 4191 redamptruat
1123 4101 1220 4172 ellim.
1249 4103 1313 4172 Pe·

153 4226 286 4271 eunus:

588 4303 775 4370 Pmmnendu
786 4302 881 4374 aratia

329 4387 420 4443 Simul
433 4405 495 4445 eum
508 4387 613 4444 videam
629 4389 732 4445 Graios
745 4389 815 4443 seuit
829 4388 995 4444 minster

330 4475 560 4549 ΜΜΜ
573 4477 716 4549 W
728 4476 841 4532 tm*
851 4473 1001 4548 Μ’
