3234 5159
133 385 221 491 ξι]
403 414 477 467 rur
500 414 789 470 assuero-ossan
815 417 1024 473 urrourou.
1222 396 1295 473 129

177 564 287 631 culum
302 566 371 634 dies
385 568 483 635 etiam
496 593 583 638 nuuc
597 570 696 640 sitan
710 572 780 659 jam
799 596 877 654 nox,
896 572 1008 640 multis
1023 571 1191 639 dubium.”
1229 590 1293 640 vn.

177 667 280 752 §iit
312 674 333 706 “
349 670 571 761 &pascalem
598 675 641 741 ab
664 674 803 756 Sabinis,
832 676 919 764 quod
947 676 982 742 id
1003 675 1138 742 dubium
1167 685 1294 765 tempus

144 768 148 775 ’
176 771 282 837 noctis
304 796 346 839 an
370 774 434 840 diei
459 774 533 841 sit.'¹
580 775 694 867 Oomp.
719 778 847 861 Festus,
872 802 898 845 s.
918 802 951 845 v.
975 779 1168 867 &crepitus
1186 802 1219 866 p.
1241 782 1292 861 71,

176 872 306 941 Mttller.
350 874 423 943 The
440 888 509 943 root
528 878 566 944 of
578 878 643 945 this
657 880 745 946 word
763 904 866 947 seems
884 891 918 948 to
938 881 978 947 be
999 881 1166 947 contained
1183 881 1218 946 in
1237 881 1293 948 the

176 975 304 1045 Sauscr.
319 980 466 1069 triopas,
481 979 591 1048 Greek
605 981 724 1070 κνέφας
739 986 804 1069 (sec
818 984 895 1051 Now
916 984 1003 1052 Orat.
1019 986 1039 1070 ἓ
1055 985 1142 1068 160).

135 1078 269 1161 Ganaba,
293 1079 371 1147 seb.
414 1080 542 1163 Festus,
565 1106 598 1170 p.
621 1086 683 1149 64:
714 1090 734 1121 “
750 1085 900 1153 &cham
927 1085 1041 1154 Sabini
1069 1096 1185 1152 vocant
1209 1110 1290 1167 eam,

174 1204 273 1269 quam
292 1183 446 1251 militares
464 1184 619 1262 lecticam,
637 1185 723 1254 unde
739 1187 877 1258 videtur,
887 1187 1064 1253 derivatum
1084 1210 1154 1255 csse
1168 1188 1292 1255 οιιὺὼιι-

176 1284 274 1351 lcaa'’
301 1285 415 1375 Gomp.
426 1286 537 1368 Varro,
552 1288 592 1354 J..
604 1289 644 1354 L.
654 1306 687 1356 v.
702 1289 1087 1375 §166‚sndG10ss.MS.
1102 1288 1290 1358 Oamberou.

175 1387 222 1473 (V
222 1412 283 1457 oss.
306 1390 366 1459 Vir.
384 1391 484 1459 Sem.
500 1414 532 1480 p.
547 1394 628 1459 4192
646 1398 666 1428 “
682 1392 802 1459 ennea
816 1393 933 1459 dicitur
947 1392 1060 1459 lectica
1074 1416 1093 1457 a
1107 1393 1290 1473 ussaw)

135 1488 310 1578 θαρρῆσαι,
341 1490 418 1559 sab.
467 1492 558 1561 Serv.
584 1492 631 1558 ad
657 1495 736 1559 AEn.
768 1512 833 1560 ΧΠ.
860 1496 943 1560 538:
975 1499 994 1529 “
1006 1492 1091 1563 Saue
1114 1494 1289 1576 sciendum,

172 1617 342 1681 capessam
364 1594 555 1663 Sabinorum
577 1595 690 1682 lingua
714 1596 908 1663 sacerdotem
932 1596 1056 1663 vocari:
1087 1608 1290 1664 enatantem

173 1698 308 1786 cupeuci
330 1697 480 1765 Herculis
502 1698 710 1767 sacerdotes.”
762 1697 813 1767 cf.
834 1699 947 1769 Gaelic
967 1701 1078 1781 ooibki,
1106 1706 1178 1768 “an
1199 1700 1291 1767 arch·

132 1906 245 1987 curs,
273 1908 392 1989 Qaa'rri,
419 1907 496 1977 Sab.
540 1908 637 1976 ovid.
661 1910 749 1976 Faat.
772 1928 811 1975 11.
834 1910 918 1979 475:
950 1915 970 1947 “
984 1909 1061 1979 Sive
1086 1910 1172 1998 quod
1197 1909 1290 1977 hasta
1396 1964 1399 1971 .

171 2010 260 2075 αινὺ
282 2011 395 2098 priscis
417 2023 466 2079 est
489 2012 575 2079 dicta
601 2011 761 2080 Sabinis.’'
804 2012 907 2081 Varro
936 2016 1000 2103 (ap.
1025 2015 1122 2083 Dion.
1145 2014 1222 2081 Hal.
1248 2033 1288 2082 11.

171 2136 207 2201 p.
225 2115 298 2195 109,
317 2113 457 2200 Huds):
481 2116 599 2205 Κύρεις
617 2116 683 2206 ’γὰρ
705 2116 737 2183 oi
756 2116 894 2197 Σαβῖνοι
917 2116 975 2189 τὰς
994 2116 1116 2206 αἰχμὰς
1137 2121 1286 2185 καλοῦσι·
1313 2167 1316 2173 ·

171 2220 279 2283 ταῦτα
303 2216 364 2302 μὲν
388 2217 444 2286 οὖν
465 2220 629 2309 Τερέντιος
651 2219 812 2309 Οὐάρρων
833 2221 960 2309 γράφει.
1005 2220 1146 2288 Macrob.
1173 2221 1240 2287 Sat.
1264 2240 1288 2287 1.

172 2324 216 2395 9:
241 2319 440 2401 “Quirinum
459 2323 552 2410 quasi
570 2323 728 2391 bellorum
745 2334 917 2412 potentem,
932 2324 974 2391 ab
993 2324 1095 2405 hasta,
1116 2346 1212 2410 quam
1229 2322 1289 2391 Sa·

171 2424 245 2492 bini
259 2428 360 2503 carim
374 2427 521 2495 vocant.”
567 2427 693 2508 Festus,
708 2452 741 2515 p.
756 2429 818 2497 49:
844 2434 863 2464 “
880 2428 975 2495 Oaros
989 2438 1037 2495 est
1053 2426 1170 2495 Sabine
1184 2427 1287 2497 hasta.

171 2528 274 2598 Unde
284 2530 443 2598 Romulus
457 2531 620 2613 Quiricus,
635 2532 713 2619 quia
725 2555 797 2599 eam
812 2530 941 2608 ferebat,
958 2542 1007 2598 est
1021 2531 1156 2599 diotus.’'
1181 2531 1284 2599 Ibide

172 2640 195 2671 “
210 2634 348 2702 Gcritim
374 2634 536 2703 Junoncm
559 2636 774 2725 appellabant,
798 2636 874 2725 quia
902 2636 1034 2704 eandem
1058 2636 1137 2704 ferre
1161 2635 1287 2703 hastan

169 2738 361 2826 putabaut’'
391 2761 423 2827 p.
438 2741 497 2807 63:
521 2739 636 2820 “Quia
653 2751 806 2807 matronae
824 2738 964 2807 Junouis
987 2739 1107 2807 Curitis
1129 2740 1164 2805 iu
1185 2740 1287 2805 tutela

168 2840 249 2922 siut,
267 2864 339 2930 quar
355 2842 403 2908 ita
423 2842 644 2931 appellabatur
663 2842 828 2911 afercuda
848 2843 950 2924 hasta,
969 2864 1042 2931 quse
1061 2843 1173 2929 lingua
1193 2841 1287 2911 Sabi·

168 2967 287 3041 noruru
314 2946 410 3013 (hrn’a
430 2945 625 3013 dicebatur.”
674 2944 799 3033 (Gomp.
822 2945 951 3026 Mulier,
974 2946 1103 3013 Etruak.
1122 2964 1161 3013 11.
1183 2946 1284 3033 p.45,

167 3048 238 3114 aud
258 3046 384 3131 Festus,
406 3073 438 3137 p.
461 3050 551 3134 254).
593 3047 734 3129 Servius,
757 3050 839 3115 AEn.
862 3067 886 3115 1.
910 3050 993 3115 296:
1018 3047 1207 3113 “Romulus
1228 3070 1286 3113 au-

168 3162 237 3217 tem
259 3148 412 3229 Quirinus
432 3150 505 3218 ideo
528 3149 633 3217 dictus
655 3160 714 3231 est,
736 3150 790 3216 vel
811 3148 896 3237 quod
919 3150 1012 3215 hasta
1032 3150 1190 3229 utebatur,
1213 3170 1285 3236 quae

170 3252 367 3321 Sabinorum
381 3253 494 3342 lingua
512 3254 608 3321 Garsi
622 3253 756 3321 dicitur:
778 3252 874 3318 hasta
887 3251 982 3332 enim,
1000 3252 1022 3319 i.
1033 3275 1060 3319 e.
1074 3254 1169 3332 caris,
1185 3251 1284 3317 telum

166 3356 304 3444 longum
325 3368 384 3438 ast,
406 3359 493 3425 unde
517 3367 550 3425 et
574 3359 700 3439 sacaria
726 3357 818 3444 quasi
840 3354 1048 3423 ena-err&
1094 3353 1208 3421 Isidor.
1232 3372 1283 3421 1x.

168 3463 202 3541 2,
218 3464 280 3529 84:
309 3460 386 3527 “Hi
403 3472 437 3529 et
454 3460 594 3541 Quirites
608 3461 697 3541 dicti,
717 3460 794 3549 quia
808 3458 961 3539 Quirinus
980 3458 1084 3523 dictus
1098 3467 1147 3523 est
1161 3454 1283 3523 Romu-

165 3564 239 3645 lus3
255 3564 343 3652 quod
356 3587 481 3653 semper
494 3565 588 3633 hasta
596 3566 754 3644 utebatur,
767 3586 839 3651 quae
852 3561 1044 3631 Sabinorum
1055 3555 1167 3647 lin‘gua
1180 3560 1284 3647 quim's

166 3664 316 3733 dicitur.”
359 3664 410 3733 cf.
427 3664 595 3734 Plutarch.
620 3666 678 3732 Vir.
698 3664 823 3731 Romul.
842 3664 895 3731 29.
941 3662 976 3727 If
994 3662 1079 3729 corsi
1103 3672 1211 3727 meant
1233 3667 1283 3728 “a

165 3766 292 3849 lrnoe‚'’
309 3791 346 3834 as
364 3768 455 3836 these
471 3768 658 3835 authorities
676 3768 824 3848 indicate,
845 3766 888 3833 its
907 3766 1058 3853 meaning
1072 3788 1138 3832 was
1152 3765 1282 3833 derived

165 3872 251 3939 from
269 3871 326 3937 the
340 3871 506 3939 definitior
520 3871 557 3939 of
572 3895 593 3937 a
606 3871 697 3937 lance
710 3893 747 3937 as
767 3876 816 3936 “a
830 3868 953 3937 headed
972 3892 1008 3936 or
1023 3868 1155 3957 pointed
1174 3869 1279 3935 staff.”

166 3974 241 4043 The
261 3973 423 4061 analogica
441 3972 615 4061 suggested
633 3973 680 4061 by
694 3972 770 4041 Pott
786 3974 851 4059 (Et.
867 3974 994 4039 Forsch.
1010 3992 1035 4040 1.
1051 3974 1125 4052 263,
1146 3989 1186 4039 11.
1201 3972 1278 4057 533)

164 4079 210 4146 do
224 4088 283 4145 not
300 4076 375 4145 lero
388 4086 421 4143 to
435 4100 501 4164 any
515 4074 715 4163 satisfactory
732 4074 840 4141 result.
884 4070 980 4142 Some
998 4072 1163 4139 confusion
1182 4072 1281 4138 srises

164 4186 204 4255 in
219 4184 276 4252 the
294 4182 387 4251 mind
402 4183 485 4251 from
505 4206 526 4249 a
539 4182 737 4269 comparisou
759 4179 796 4246 of
818 4180 965 4261 Quirites,
988 4178 1115 4264 (curro),
1136 4178 1278 4259 curiati,

166 4288 255 4355 “the
270 4286 333 4357 full
353 4285 487 4353 citizens
505 4308 541 4353 or
561 4284 732 4375 hoplites‚’'
753 4284 834 4351 with
856 4282 1014 4373 κούρητες,
1037 4280 1148 4370 κύριοι,
1171 4278 1279 4368 κοίρα-

225 4623 258 4671 n.
269 4624 301 4669 r.
1154 4597 1175 4662 9
